@incollection{scm:electre:1:hwang1981methods,
  title={Methods for multiple attribute decision making},
  author={Hwang, Ching-Lai and Yoon, Kwangsun},
  booktitle={Multiple attribute decision making},
  pages={58--191},
  year={1981},
  publisher={Springer}
}

@article{scm:electre:4:hwang1981topsis,
  title={TOPSIS (technique for order preference by similarity to ideal solution)—A multiple attribute decision making, w: Multiple attribute decision making—Methods and applications, a state-of-the-art survey},
  author={Hwang, C and Yoon, K},
  journal={Methods and application: New York: Springer-Verlag Berlin Heidelberg. Springer Publications},
  year={1981}
}
