@article{scm:electre:2:benayoun1966manual,
  title={Manual de reference du programme electre},
  author={Benayoun, R and Roy, B and Sussman, N},
  journal={Note de synthese et Formation},
  volume={25},
  pages={79},
  year={1966},
  publisher={Direction scientifique SEMA}
}

@article{scm:electre:3:roy1968classement,
  title={Classement et choix en presence de points de vue multiples},
  author={Roy, Bernard},
  journal={Revue francaise d'informatique et de recherche operationnelle},
  volume={2},
  number={8},
  pages={57--75},
  year={1968},
  publisher={EDP Sciences}
}

@incollection{scm:electre:1:hwang1981methods,
  title={Methods for multiple attribute decision making},
  author={Hwang, Ching-Lai and Yoon, Kwangsun},
  booktitle={Multiple attribute decision making},
  pages={58--191},
  year={1981},
  publisher={Springer}
}
